<?xml version="1.0" encoding="UTF-8" ?><OAI-PMH xmlns="http://www.openarchives.org/OAI/2.0/" xmlns:xsi="http://www.w3.org/2001/XMLSchema-instance" xsi:schemaLocation="http://www.openarchives.org/OAI/2.0/ http://www.openarchives.org/OAI/2.0/OAI-PMH.xsd"><responseDate>2017-04-18T10:58:02Z</responseDate><request verb="ListRecords" metadataPrefix="unimarc" from="2017-03-27T21:45:57Z" set="digitization">http://195.113.180.197/oai</request><ListRecords><record><header><identifier>oai:www.mlp.cz:2060580</identifier><datestamp>2017-04-06T12:17:16Z</datestamp><setSpec>until98</setSpec><setSpec>digitization</setSpec></header><metadata><unimarc:record xmlns:unimarc="http://www.bn.pt/standards/metadata/marcxml/1.0/" xmlns:xsi="http://www.w3.org/2001/XMLSchema-instance" xsi:schemaLocation="http://www.bn.pt/standards/metadata/marcxml/1.0/ http://xml.bn.pt/schemas/Unimarc-1.0.xsd" type="Bibliographic"><unimarc:leader>     ncm  22        4500</unimarc:leader><unimarc:controlfield tag="001">2060580</unimarc:controlfield><unimarc:controlfield tag="005">20170406141716.0</unimarc:controlfield><unimarc:datafield tag="020" ind1=" " ind2=" "><unimarc:subfield code="b">cnb001897045</unimarc:subfield></unimarc:datafield><unimarc:datafield tag="100" ind1=" " ind2=" "><unimarc:subfield code="a">20170406d1922^^^^|^^^0czey0103^^^^||</unimarc:subfield></unimarc:datafield><unimarc:datafield tag="101" ind1="2" ind2=" "><unimarc:subfield code="a">cze</unimarc:subfield><unimarc:subfield code="a">ger</unimarc:subfield></unimarc:datafield><unimarc:datafield tag="102" ind1=" " ind2=" "><unimarc:subfield code="a">CZ</unimarc:subfield></unimarc:datafield><unimarc:datafield tag="200" ind1="1" ind2=" "><unimarc:subfield code="a">Píseň práce</unimarc:subfield><unimarc:subfield code="d">= Lied der Arbeit</unimarc:subfield><unimarc:subfield code="f">Worte: Rich. Dehmel</unimarc:subfield><unimarc:subfield code="f">Hudba - Musik: Béla Laszky</unimarc:subfield><unimarc:subfield code="g">slova [přeložil]: Jos. Žemla</unimarc:subfield><unimarc:subfield code="b">hudebnina</unimarc:subfield></unimarc:datafield><unimarc:datafield tag="210" ind1=" " ind2=" "><unimarc:subfield code="a">V Praze</unimarc:subfield><unimarc:subfield code="c">Accord</unimarc:subfield><unimarc:subfield code="d">© 1922</unimarc:subfield></unimarc:datafield><unimarc:datafield tag="215" ind1=" " ind2=" "><unimarc:subfield code="a">1 partitura (3 s.)</unimarc:subfield><unimarc:subfield code="d">32 cm</unimarc:subfield></unimarc:datafield><unimarc:datafield tag="513" ind1="1" ind2=" "><unimarc:subfield code="a">Das Lied der Arbeit</unimarc:subfield></unimarc:datafield><unimarc:datafield tag="513" ind1="1" ind2=" "><unimarc:subfield code="a">(Erntelied)</unimarc:subfield></unimarc:datafield><unimarc:datafield tag="608" ind1=" " ind2=" "><unimarc:subfield code="a">písně</unimarc:subfield></unimarc:datafield><unimarc:datafield tag="610" ind1=" " ind2=" "><unimarc:subfield code="a">zpěv sólo</unimarc:subfield><unimarc:subfield code="a">klavír (1)</unimarc:subfield><unimarc:subfield code="a">forma: noty</unimarc:subfield><unimarc:subfield code="a">nosič: papír</unimarc:subfield><unimarc:subfield code="a">sólový hlas (1)</unimarc:subfield><unimarc:subfield code="a">způsob vydávání: monografie</unimarc:subfield><unimarc:subfield code="a">úroveň zpracování: jednoduchá</unimarc:subfield></unimarc:datafield><unimarc:datafield tag="700" ind1=" " ind2="1"><unimarc:subfield code="a">Dehmel</unimarc:subfield><unimarc:subfield code="b">Richard</unimarc:subfield><unimarc:subfield code="f">1863-1920</unimarc:subfield></unimarc:datafield><unimarc:datafield tag="701" ind1=" " ind2="1"><unimarc:subfield code="a">Laszky</unimarc:subfield><unimarc:subfield code="b">A. Béla</unimarc:subfield><unimarc:subfield code="f">1867-1935</unimarc:subfield><unimarc:subfield code="4">230</unimarc:subfield></unimarc:datafield><unimarc:datafield tag="702" ind1=" " ind2="1"><unimarc:subfield code="a">Žemla</unimarc:subfield><unimarc:subfield code="b">Josef</unimarc:subfield><unimarc:subfield code="f">1884-1954</unimarc:subfield><unimarc:subfield code="4">730</unimarc:subfield></unimarc:datafield><unimarc:datafield tag="801" ind1=" " ind2="0"><unimarc:subfield code="b">ABG001</unimarc:subfield></unimarc:datafield><unimarc:datafield tag="801" ind1=" " ind2="1"><unimarc:subfield code="b">ABG001</unimarc:subfield></unimarc:datafield><unimarc:datafield tag="910" ind1=" " ind2=" "><unimarc:subfield code="a">ABG001</unimarc:subfield><unimarc:subfield code="b">VZ 90449</unimarc:subfield></unimarc:datafield></unimarc:record></metadata></record></ListRecords></OAI-PMH>